<record xmlns="http://www.loc.gov/MARC21/slim">
   <leader>02960cas a2200541 a 4500</leader>
   <controlfield tag="001">6826168</controlfield>
   <controlfield tag="003">SIRSI</controlfield>
   <controlfield tag="006">m                 </controlfield>
   <controlfield tag="007">cr</controlfield>
   <controlfield tag="008">850402d19852015ksumr p o     0    0eng d</controlfield>
   <datafield ind1="0" ind2=" " tag="022">
      <subfield code="a">1939-1919</subfield>
      <subfield code="y">8750-7943</subfield>
   </datafield>
   <datafield ind1=" " ind2=" " tag="035">
      <subfield code="a">ocm60616963</subfield>
   </datafield>
   <datafield ind1=" " ind2=" " tag="039">
      <subfield code="a">exclude</subfield>
   </datafield>
   <datafield ind1=" " ind2=" " tag="040">
      <subfield code="a">AEU</subfield>
      <subfield code="b">eng</subfield>
   </datafield>
   <datafield ind1=" " ind2=" " tag="090">
      <subfield code="a">Internet Access</subfield>
      <subfield code="b">AEGMCT</subfield>
   </datafield>
   <datafield ind1=" " ind2=" " tag="090">
      <subfield code="a">Internet Access</subfield>
      <subfield code="b">AEU</subfield>
   </datafield>
   <datafield ind1=" " ind2=" " tag="090">
      <subfield code="a">Internet Access</subfield>
      <subfield code="b">AVC</subfield>
   </datafield>
   <datafield ind1="0" ind2=" " tag="130">
      <subfield code="a">Veterinary medicine (Edwardsville, Kan. : Online)</subfield>
   </datafield>
   <datafield ind1=" " ind2="0" tag="222">
      <subfield code="a">Veterinary medicine</subfield>
      <subfield code="b">(Online)</subfield>
   </datafield>
   <datafield ind1="0" ind2="0" tag="245">
      <subfield code="a">Veterinary medicine</subfield>
      <subfield code="h">[electronic resource].</subfield>
   </datafield>
   <datafield ind1=" " ind2=" " tag="260">
      <subfield code="a">Edwardsville, Kan. :</subfield>
      <subfield code="b">Veterinary Medicine Pub. Co.,</subfield>
      <subfield code="c">c1985-</subfield>
   </datafield>
   <datafield ind1=" " ind2=" " tag="310">
      <subfield code="a">Monthly</subfield>
   </datafield>
   <datafield ind1=" " ind2=" " tag="336">
      <subfield code="a">text</subfield>
      <subfield code="b">txt</subfield>
      <subfield code="2">rdacontent</subfield>
   </datafield>
   <datafield ind1=" " ind2=" " tag="337">
      <subfield code="a">computer</subfield>
      <subfield code="b">c</subfield>
      <subfield code="2">rdamedia</subfield>
   </datafield>
   <datafield ind1=" " ind2=" " tag="338">
      <subfield code="a">online resource</subfield>
      <subfield code="b">cr</subfield>
      <subfield code="2">rdacarrier</subfield>
   </datafield>
   <datafield ind1="0" ind2=" " tag="362">
      <subfield code="a">Vol. 80, no. 1 (Jan. 1985)-</subfield>
   </datafield>
   <datafield ind1="1" ind2=" " tag="362">
      <subfield code="a">Ceased with vol. 110, no. 12 (Dec. 2015).</subfield>
   </datafield>
   <datafield ind1=" " ind2=" " tag="506">
      <subfield code="a">Access is limited to authorized users and institutions.</subfield>
   </datafield>
   <datafield ind1=" " ind2=" " tag="525">
      <subfield code="a">Supplements accompany some issues.</subfield>
   </datafield>
   <datafield ind1=" " ind2=" " tag="530">
      <subfield code="a">Also available in print.</subfield>
   </datafield>
   <datafield ind1=" " ind2=" " tag="580">
      <subfield code="a">Merged with Veterinary economics to form: Vetted.</subfield>
   </datafield>
   <datafield ind1=" " ind2=" " tag="588">
      <subfield code="a">Latest issue consulted: Vol. 102, no. 5 (May 2007).</subfield>
   </datafield>
   <datafield ind1=" " ind2=" " tag="596">
      <subfield code="a">44 57 61</subfield>
   </datafield>
   <datafield ind1=" " ind2="0" tag="650">
      <subfield code="a">Domestic animals</subfield>
      <subfield code="v">Periodicals.</subfield>
   </datafield>
   <datafield ind1=" " ind2="0" tag="650">
      <subfield code="a">Veterinary medicine</subfield>
      <subfield code="v">Periodicals.</subfield>
   </datafield>
   <datafield ind1="0" ind2=" " tag="776">
      <subfield code="i">Print version:</subfield>
      <subfield code="t">Veterinary medicine</subfield>
      <subfield code="x">8750-7943</subfield>
   </datafield>
   <datafield ind1="0" ind2="0" tag="780">
      <subfield code="t">Veterinary medicine, small animal clinician</subfield>
      <subfield code="x">0042-4889</subfield>
   </datafield>
   <datafield ind1="0" ind2="7" tag="785">
      <subfield code="t">Veterinary economics (Online)</subfield>
      <subfield code="x">2150-7392</subfield>
   </datafield>
   <datafield ind1="0" ind2="7" tag="785">
      <subfield code="t">Vetted</subfield>
   </datafield>
   <datafield ind1="4" ind2="0" tag="856">
      <subfield code="3">Lakeland College Access: 2004- </subfield>
      <subfield code="u">http://www.vetmedpub.com</subfield>
   </datafield>
   <datafield ind1="4" ind2="0" tag="856">
      <subfield code="3">MacEwan University Access: 2005- </subfield>
      <subfield code="u">http://resolver.lrc.macewan.ca/macewan?url%5Fver=Z39.88-2004&amp;ctx%5Fver=Z39.88-2004&amp;ctx%5Fenc=info:ofi/enc:UTF-8&amp;rfr%5Fid=info:sid/sfxit.com:opac%5F856&amp;url%5Fctx%5Ffmt=info:ofi/fmt:kev:mtx:ctx&amp;sfx.ignore%5Fdate%5Fthreshold=1&amp;rft.object%5Fid=954925626342&amp;svc%5Fval%5Ffmt=info:ofi/fmt:kev:mtx:sch%5Fsvc&amp;</subfield>
   </datafield>
   <datafield ind1="4" ind2="0" tag="856">
      <subfield code="3">University of Alberta Access: 2004-2015 </subfield>
      <subfield code="u">http://resolver.library.ualberta.ca/resolver?ctx_enc=info%3Aofi%2Fenc%3AUTF-8&amp;ctx_ver=Z39.88-2004&amp;rfr_id=info%3Asid%2Fualberta.ca%3Aopac&amp;rft.genre=journal&amp;rft.object_id=954925626342&amp;rft.issn=8750-7943&amp;rft.eissn=1939-1919&amp;rft_val_fmt=info%3Aofi%2Ffmt%3Akev%3Amtx%3Ajournal&amp;url_ctx_fmt=info%3Aofi%2Ffmt%3Akev%3Amtx%3Actx&amp;url_ver=Z39.88-2004</subfield>
   </datafield>
   <datafield ind1=" " ind2=" " tag="940">
      <subfield code="a">954925626342</subfield>
   </datafield>
   <datafield ind1=" " ind2=" " tag="949">
      <subfield code="a">Internet Access</subfield>
      <subfield code="w">LCPER</subfield>
      <subfield code="c">1</subfield>
      <subfield code="l">INTERNET</subfield>
      <subfield code="m">GR_MAC_INT</subfield>
      <subfield code="r">N</subfield>
      <subfield code="s">Y</subfield>
      <subfield code="t">E-RESOURCE</subfield>
      <subfield code="x">E-JOURNAL</subfield>
      <subfield code="z">MACEWANSFX</subfield>
   </datafield>
   <datafield ind1=" " ind2=" " tag="949">
      <subfield code="a">Internet Access</subfield>
      <subfield code="w">LCPER</subfield>
      <subfield code="c">1</subfield>
      <subfield code="l">INTERNET</subfield>
      <subfield code="m">UAINTERNET</subfield>
      <subfield code="0">UA_ESERIAL</subfield>
      <subfield code="r">Y</subfield>
      <subfield code="s">Y</subfield>
      <subfield code="t">E-RESOURCE</subfield>
      <subfield code="x">E-JOURNAL</subfield>
   </datafield>
   <datafield ind1=" " ind2=" " tag="926">
      <subfield code="a">Internet Access</subfield>
      <subfield code="w">LCPER</subfield>
      <subfield code="c">1</subfield>
      <subfield code="i">6826168-1001</subfield>
      <subfield code="l">INTERNET</subfield>
      <subfield code="m">GR_MAC_INT</subfield>
      <subfield code="r">Y</subfield>
      <subfield code="s">Y</subfield>
      <subfield code="t">E-RESOURCE</subfield>
      <subfield code="u">3/5/2015</subfield>
      <subfield code="x">E-JOURNAL</subfield>
      <subfield code="z">MACEWANSFX</subfield>
   </datafield>
   <datafield ind1=" " ind2=" " tag="926">
      <subfield code="a">Internet Access</subfield>
      <subfield code="w">LCPER</subfield>
      <subfield code="c">1</subfield>
      <subfield code="i">6826168-2001</subfield>
      <subfield code="l">INTERNET</subfield>
      <subfield code="m">UAINTERNET</subfield>
      <subfield code="r">Y</subfield>
      <subfield code="s">Y</subfield>
      <subfield code="t">E-RESOURCE</subfield>
      <subfield code="u">3/5/2015</subfield>
      <subfield code="x">E-JOURNAL</subfield>
      <subfield code="0">UA_ESERIAL</subfield>
   </datafield>
   <datafield ind1=" " ind2=" " tag="926">
      <subfield code="a">Internet Access</subfield>
      <subfield code="w">LCPER</subfield>
      <subfield code="c">1</subfield>
      <subfield code="i">6826168-3001</subfield>
      <subfield code="l">INTERNET</subfield>
      <subfield code="m">LAKELND_IN</subfield>
      <subfield code="r">Y</subfield>
      <subfield code="s">Y</subfield>
      <subfield code="t">E-RESOURCE</subfield>
      <subfield code="u">4/7/2016</subfield>
      <subfield code="x">E-JOURNAL</subfield>
   </datafield>
</record>
